% This file was created with JabRef 2.10.
% Encoding: UTF8


@Article{Mallba,
  Title                    = {{{MALLBA}: A library of skeletons for combinatorial optimisation}},
  Author                   = {Alba, E. and Almeida, F. and Blesa, M. and Cotta, C. and Diaz, M. and Dorta, I. and Gabarr{\'o}, J. and Gonz{\'a}lez, J. and Le{\'o}n, C. and Moreno, L. and Petit, J. and Roda, J. and Rojas, A. and Xhafa, F.},
  Journal                  = {Parallel Computing},
  Year                     = {2006},
  Number                   = {5-6},
  Pages                    = {415--440},
  Volume                   = {32},

  Timestamp                = {2012.11.26}
}

@Misc{Alba1997,
  Title                    = {On-Line Tutorial on Evolutionary Computation},

  Author                   = {Alba, Enrique and Cotta, Carlos},
  HowPublished             = {En \url{http://neo.lcc.uma.es/TutorialEA/semEC/main.html}},
  Note                     = {Disponible online, consultado Abril 2015},
  Year                     = {1997},

  Timestamp                = {2015.03.24}
}

@Article{Alba2002,
  Title                    = {Parallelism and evolutionary algorithms},
  Author                   = {Alba, Enrique and Tomassini, Marco},
  Journal                  = {Evolutionary Computation, IEEE Transactions on},
  Year                     = {2002},
  Number                   = {5},
  Pages                    = {443--462},
  Volume                   = {6},

  Publisher                = {IEEE},
  Timestamp                = {2015.04.11}
}

@InProceedings{BRT_Dial,
  Title                    = {{Los BRT en corredores segregados como sistema óptimo de transporte urbano}},
  Author                   = {Bañobre, Eugenio and Romero, {\'A}lvaro},
  Booktitle                = {Administrando en entornos inciertos = managing in uncertain environment},
  Year                     = {2009},

  HowPublished             = {\url{http://dialnet.unirioja.es/servlet/articulo?codigo=3119987}},
  Timestamp                = {2015.03.12}
}

@Misc{BBVA2013,
  Title                    = {{Situación Automotriz Uruguay}},

  Author                   = {{BBVA Research}},
  HowPublished             = {En \url{https://www.bbvaresearch.com}},
  Note                     = {Disponible online, consultado noviembre 2014},
  Year                     = {2013},

  Timestamp                = {2014.11.25}
}

@Book{Cepal2003,
  Title                    = {Congesti{\'o}n de tr{\'a}nsito: el problema y c{\'o}mo enfrentarlo},
  Author                   = {Bull, Alberto},
  Publisher                = {United Nations Publications},
  Year                     = {2003},
  Number                   = {87}
}

@Article{Paradiseo,
  Title                    = {Paradiseo: A framework for the reusable design of parallel and distributed metaheuristics},
  Author                   = {Cahon, S{\'e}bastien and Melab, Nordine and Talbi, E-G},
  Journal                  = {Journal of Heuristics},
  Year                     = {2004},
  Number                   = {3},
  Pages                    = {357--380},
  Volume                   = {10},

  Publisher                = {Springer}
}

@InProceedings{cramer1985representation,
  Title                    = {A representation for the adaptive generation of simple sequential programs},
  Author                   = {Cramer, Nichael Lynn},
  Booktitle                = {Proceedings of the First International Conference on Genetic Algorithms},
  Year                     = {1985},
  Pages                    = {183--187}
}

@Book{Deb2001,
  Title                    = {{Multi-objective optimization using evolutionary algorithms}},
  Author                   = {Kalyanmoy Deb},
  Publisher                = {John Wiley \& Sons},
  Year                     = {2001},
  Volume                   = {16},

  Timestamp                = {2015.03.13}
}

@InProceedings{DiFebbraro2002,
  Title                    = {On applying Petri nets to determine optimal offsets for coordinated traffic light timings},
  Author                   = {Di Febbraro, A and Giglio, D and Sacco, N},
  Booktitle                = {Intelligent Transportation Systems, 2002. Proceedings. The IEEE 5th International Conference on},
  Year                     = {2002},
  Organization             = {IEEE},
  Pages                    = {773--778},

  Timestamp                = {2015.04.11}
}

@Article{Jmetal,
  Title                    = {jMetal: A Java framework for multi-objective optimization},
  Author                   = {Durillo, Juan J and Nebro, Antonio J},
  Journal                  = {Advances in Engineering Software},
  Year                     = {2011},
  Number                   = {10},
  Pages                    = {760--771},
  Volume                   = {42},

  Publisher                = {Elsevier}
}

@Misc{Olivera2015,
  Title                    = {{\enquote{Ana Olivera: "No hay justificación, nos equivocamos con Garzón"}}},

  Author                   = {{El País}},
  HowPublished             = {En \url{http://www.elpais.com.uy/}},
  Month                    = {10 Enero},
  Note                     = {Disponible online, consultado febrero 2015},
  Year                     = {2015},

  Timestamp                = {2014.12.23}
}

@Misc{Olivera2013,
  Title                    = {{\enquote{Garzón: Olivera admitió errores}}},

  Author                   = {{El País}},
  HowPublished             = {En \url{http://www.elpais.com.uy/}},
  Month                    = {30 Julio},
  Note                     = {Disponible online, consultado febrero 2015},
  Year                     = {2013},

  Timestamp                = {2014.12.23}
}

@InProceedings{CHC,
  Title                    = {{The {CHC} adaptive search algorithm: how to have safe search when engaging in nontraditional genetic recombination}},
  Author                   = {Eshelman, L.},
  Booktitle                = {{Foundations of Genetics Algorithms}},
  Year                     = {1991},
  Pages                    = {265--283},
  Publisher                = {Morgan Kaufmann Publishers, Inc.},

  Timestamp                = {2012.11.26}
}

@Misc{Malva,
  Title                    = {{The Malva Project: A framework for comutational intelligence in
C++}},

  Author                   = {Gabriel Fagúndez},
  HowPublished             = {En \url{http://themalvaproject.github.io/}},
  Note                     = {Disponible online, consultado julio 2014},
  Year                     = {2014},

  Timestamp                = {2014.11.25}
}

@InProceedings{OpenBeagle,
  Title                    = {Open BEAGLE: A New Versatile C++ Framework for Evolutionary Computation.},
  Author                   = {Gagn{\'e}, Christian and Parizeau, Marc},
  Booktitle                = {GECCO Late Breaking Papers},
  Year                     = {2002},
  Pages                    = {161--168}
}

@Book{Goldberg1989,
  Title                    = {{Genetic Algorithms in Search, Optimization, and Machine Learning}},
  Author                   = {Goldberg, David E.},
  Publisher                = {Addison-Wesley Professional},
  Year                     = {1989},
  Edition                  = {1},
  Month                    = jan,

  Day                      = {11},
  HowPublished             = {Hardcover},
  ISBN                     = {0201157675},
  Timestamp                = {2015.04.11}
}

@Article{OSM,
  Title                    = {Openstreetmap: User-generated street maps},
  Author                   = {Haklay, Mordechai and Weber, Patrick},
  Journal                  = {Pervasive Computing, IEEE},
  Year                     = {2008},
  Number                   = {4},
  Pages                    = {12--18},
  Volume                   = {7},

  Publisher                = {IEEE}
}

@InProceedings{CORSIM,
  Title                    = {CORSIM-corridor traffic simulation model},
  Author                   = {Halati, Abolhassan and Lieu, Henry and Walker, Susan},
  Booktitle                = {Traffic congestion and traffic safety in the 21st century: Challenges, innovations, and opportunities},
  Year                     = {1997}
}

@Misc{PlanMovilidad,
  Title                    = {Plan de Movilidad Urbana},

  Author                   = {IMM},
  HowPublished             = {En \url{http://www.montevideo.gub.uy}},
  Month                    = {Febrero},
  Note                     = {Disponible online, consultado febrero 2015},
  Year                     = {2010},

  Timestamp                = {2014.12.27}
}

@InBook{INE2014,
  Title                    = {Uruguay en cifras 2014},
  Author                   = {INE},
  Chapter                  = {{Transporte y Comunicaciones (11)}},
  Pages                    = {93-99},
  Year                     = {2014},
  Note                     = {Disponible online, consultado enero 2015},

  HowPublished             = {\url{http://www.ine.gub.uy/biblioteca/uruguayencifras2014/Uruguay_en_cifras_2014_Cap_11.pdf}},
  Timestamp                = {2014.11.25},
  Url                      = {http://www.ine.gub.uy/}
}

@Misc{ITDP,
  Title                    = {Bus Rapid Transit Planning Guide},

  Author                   = {{Institute for Transportation \& Development Policy (ITDP)}},
  HowPublished             = {En \url{https://www.itdp.org} },
  Month                    = {Junio},
  Note                     = {Disponible online, consultado febrero 2015},
  Year                     = {2007},

  Timestamp                = {2015.03.12}
}

@InProceedings{Penner2002,
  Title                    = {Swarm-based Traffic Simulation with Evolutionary Traffic Light Adaptation},
  Author                   = {J. Penner, R. Hoar, and C. Jacob},
  Booktitle                = {Proceedings of Artificial Intelligence and Soft Computing },
  Year                     = {2002}
}

@TechReport{review_trafico,
  Title                    = {A Review of Traffic Simulation Software},
  Author                   = {G. Kotushevski and K. A. Hawick},
  Institution              = {Computer Science, Massey University},
  Year                     = {2009},

  Address                  = {Albany, North Shore 102-904, Auckland, New Zealand},
  Number                   = {CSTN-095},

  Keywords                 = {traffic simulation; vehicular traffic; software review; metrics; algorithm},
  Timestamp                = {2009.09.06}
}

@Book{Koza1992,
  Title                    = {Genetic Programming: On the Programming of Computers by Means of Natural Selection (Complex Adaptive Systems)},
  Author                   = {John R. Koza},
  Publisher                = {A Bradford Book},
  Year                     = {1992},
  Edition                  = {1},
  Month                    = {12},

  ISBN                     = {9780262111706},
  Timestamp                = {2015.04.11},
  Totalpages               = {840}
}

@InProceedings{SUMO,
  Title                    = {Sumo (simulation of urban mobility)},
  Author                   = {Krajzewicz, Daniel and Hertkorn, Georg and R{\"o}ssel, C and Wagner, P},
  Booktitle                = {Proc. of the 4th middle east symposium on simulation and modelling},
  Year                     = {2002},
  Pages                    = {183--187}
}

@InProceedings{Lim2001,
  Title                    = {The optimization of traffic signal light using artificial intelligence},
  Author                   = {Lim, GiYoung and Kang, JeongJin and Hong, YouSik},
  Booktitle                = {Fuzzy Systems, 2001. The 10th IEEE International Conference on},
  Year                     = {2001},
  Organization             = {IEEE},
  Pages                    = {1279--1282},
  Volume                   = {3},

  Timestamp                = {2015.04.11}
}

@Article{litman2009transportation,
  Title                    = {Transportation cost and benefit analysis},
  Author                   = {Litman, Todd},
  Year                     = {2009}
}

@InProceedings{Lopez1999,
  Title                    = {Artificial Neural Networks as Useful Tools for the Optimization of the Relative Offset between Two Consecutive Sets of Traffic Lights.},
  Author                   = {López, Secundino and Hernández, Pedro and Hernández, Alejandro and García, Marco},
  Booktitle                = {IWANN (2)},
  Year                     = {1999},
  Editor                   = {Mira, José and Sánchez-Andrés, Juan Vincente},
  Pages                    = {795-804},
  Publisher                = {Springer},
  Series                   = {Lecture Notes in Computer Science},
  Volume                   = {1607},

  Date                     = {2009-09-26},
  Timestamp                = {2009-09-29T11:36:24.000+0200}
}

@Article{mckenney2013distributed,
  Title                    = {Distributed and adaptive traffic signal control within a realistic traffic simulation},
  Author                   = {McKenney, Dave and White, Tony},
  Journal                  = {Engineering Applications of Artificial Intelligence},
  Year                     = {2013},
  Number                   = {1},
  Pages                    = {574--583},
  Volume                   = {26},

  Publisher                = {Elsevier}
}

@Book{Mitchell1996,
  Title                    = {An Introduction to Genetic Algorithms (Complex Adaptive Systems)},
  Author                   = {Melanie Mitchell},
  Publisher                = {A Bradford Book},
  Year                     = {1998},
  Edition                  = {Reprint},
  Month                    = {2},

  ISBN                     = {9780262631853},
  Timestamp                = {2015.04.11},
  Totalpages               = {221}
}

@Article{Montana1995,
  Title                    = {Strongly Typed Genetic Programming},
  Author                   = {David J. Montana},
  Journal                  = {Evolutionary Computation},
  Year                     = {1995},
  Number                   = {2},
  Pages                    = {199-230},
  Volume                   = {3},

  Timestamp                = {2014.12.31}
}

@InProceedings{Montana1996,
  Title                    = {Evolving control laws for a network of traffic signals},
  Author                   = {Montana, David J and Czerwinski, Steven},
  Booktitle                = {Proceedings of the First Annual Conference on Genetic Programming},
  Year                     = {1996},
  Organization             = {MIT Press},
  Pages                    = {333--338}
}

@InProceedings{Nesmachnow2002,
  Title                    = {Evoluci{\'o}n en el dise{\~n}o y la clasificaci{\'o}n de Algoritmos Gen{\'e}ticos Paralelos},
  Author                   = {Nesmachnow, Sergio},
  Booktitle                = {XXVIII Conferencia Latinoamericana de Inform{\'a}tica. Montevideo, Uruguay},
  Year                     = {2002}
}

@Misc{Obs01,
  Title                    = {{\enquote{IMM sincronizará 400 semáforos para agilizar el tránsito capitalino}}},

  Author                   = {Observador},
  HowPublished             = {En \url{http://www.elobservador.com.uy/}},
  Month                    = {14 Noviembre},
  Note                     = {Disponible online, consultado febrero 2015},
  Year                     = {2014},

  Timestamp                = {2014.12.23}
}

@InProceedings{TrafficModeler,
  Title                    = {Trafficmodeler: A graphical tool for programming microscopic traffic simulators through high-level abstractions},
  Author                   = {Papaleondiou, Leontios G and Dikaiakos, Marios D},
  Booktitle                = {Vehicular Technology Conference, 2009. VTC Spring 2009. IEEE 69th},
  Year                     = {2009},
  Organization             = {IEEE},
  Pages                    = {1--5}
}

@Article{TRAF-NETSIM,
  Title                    = {Urban Network Traffic Simulation:TRAF-NETSIM Program},
  Author                   = {Ajay K. Rathi},
  Journal                  = {Journal of Transportation Engineering},
  Year                     = {1990},

  Month                    = {November-December},
  Number                   = {6},
  Pages                    = {734-743},
  Volume                   = {116},

  Timestamp                = {2014.12.31}
}

@Book{Ingo1971,
  Title                    = {Ingo Rechenberg Evolutionsstrategie Optimierung technischer Systeme nach Prinzipien der biologishen Evolution},
  Author                   = {Rechenberg, Eigen},
  Publisher                = {mit einem Nachwort von Manfred Eigen, Friedrich Frommann Verlag, Struttgart-Bad Cannstatt},
  Year                     = {1973}
}

@InProceedings{Rouphail2000,
  Title                    = {Direct signal timing optimization: Strategy development and results},
  Author                   = {Rouphail, Nagui M and Park, Byungkyu Brian and Sacks, Jerome},
  Booktitle                = {XI Pan American Conference in Traffic and Transportation Engineering},
  Year                     = {2000},
  Organization             = {Citeseer}
}

@Article{Sanchez2007,
  Title                    = {Estudio de la optimizaci{\'o}n del tr{\'a}fico rodado mediante el ajuste de los ciclos de sem{\'a}foros por algoritmos gen{\'e}ticos en dispositivos de computaci{\'o}n paralela usando modelizaci{\'o}n discreta: ejemplos de aplicaci{\'o}n},
  Author                   = {S{\'a}nchez Medina, Javier Jes{\'u}s},
  Year                     = {2007},

  Publisher                = {ULPGC. Biblioteca Universitaria}
}

@Article{Sanchez2008,
  Title                    = {Applying a traffic lights evolutionary optimization technique to a real case: {“Las Ramblas” area in Santa Cruz de Tenerife}},
  Author                   = {S{\'a}nchez, Javier and Gal{\'a}n, Manuel and Rubio, Enrique},
  Journal                  = {Evolutionary Computation, IEEE Transactions on},
  Year                     = {2008},
  Number                   = {1},
  Pages                    = {25--40},
  Volume                   = {12},

  Publisher                = {IEEE}
}

@Article{Sanchez2010,
  Title                    = {Traffic signal optimization in {“La Almozara” district in Saragossa} under congestion conditions, using genetic algorithms, traffic microsimulation, and cluster computing},
  Author                   = {S{\'a}nchez, Javier J and Gal{\'a}n-Moreno, Manuel J and Rubio-Royo, Enrique},
  Journal                  = {Intelligent Transportation Systems, IEEE Transactions on},
  Year                     = {2010},
  Number                   = {1},
  Pages                    = {132--141},
  Volume                   = {11},

  Publisher                = {IEEE}
}

@InProceedings{Sanchez2004,
  Title                    = {Genetic algorithms and cellular automata: a new architecture for traffic light cycles optimization},
  Author                   = {Sanchez, Javier J and Galan, Manuel and Rubio, Enrique},
  Booktitle                = {Evolutionary Computation, 2004. CEC2004. Congress on},
  Year                     = {2004},
  Organization             = {IEEE},
  Pages                    = {1668--1674},
  Volume                   = {2}
}

@TechReport{ConteoTrafico,
  Title                    = {Handbook of simplified practice for traffic studies},
  Author                   = {Smith, Duane and McIntyre, Jeff},
  Year                     = {2002}
}

@Book{spears2000evolutionary,
  Title                    = {Evolutionary algorithms: the role of mutation and recombination},
  Author                   = {Spears, William M},
  Publisher                = {Springer Science \& Business Media},
  Year                     = {2000}
}

@MastersThesis{Stolfi2012,
  Title                    = {Optimización del Tráfico Rodado en Ciudades Inteligentes},
  Author                   = {Daniel H. Stolfi},
  School                   = {Universidad de Málaga},
  Year                     = {2012},

  Timestamp                = {2014.11.22}
}

@Misc{Subrayado2013,
  Title                    = {{\enquote{Expertos en tránsito: ``el colapso está establecido'' en Montevideo}}},

  Author                   = {Subrayado},
  HowPublished             = {En \url{http://www.subrayado.com.uy}},
  Month                    = {27 Mayo},
  Note                     = {Disponible online, consultado noviembre 2014},
  Year                     = {2013},

  Timestamp                = {2014.11.26}
}

@InProceedings{Teo2010,
  Title                    = {Optimization of traffic flow within an urban traffic light intersection with genetic algorithm},
  Author                   = {Teo, Kenneth Tze Kin and Kow, Wei Yeang and Chin, YK},
  Booktitle                = {Computational Intelligence, Modelling and Simulation (CIMSiM), 2010 Second International Conference on},
  Year                     = {2010},
  Organization             = {IEEE},
  Pages                    = {172--177}
}

@Misc{brt_standar,
  Title                    = {{The BRT Standard, 2014 edition}},

  Author                   = {{The Institute for Transportation and Development Policy (ITDP)}},
  HowPublished             = {En \url{https://www.itdp.org/}},
  Note                     = {Disponible online, consultado noviembre 2014},
  Year                     = {2014},

  Timestamp                = {2015.03.16}
}

@InProceedings{Vogel2000,
  Title                    = {Evolutionary algorithms for optimizing traffic signal operation},
  Author                   = {Vogel, Andrea and Goerick, Christian and Von Seelen, Werner},
  Booktitle                = {Proceedings of the European symposium on intelligent techniques (ESIT)},
  Year                     = {2000},
  Organization             = {Citeseer},
  Pages                    = {83--91}
}

@Article{Galib,
  Title                    = {{GAlib: A C++ library of genetic algorithm components}},
  Author                   = {Wall, Matthew},
  Journal                  = {Mechanical Engineering Department, Massachusetts Institute of Technology},
  Year                     = {1996},
  Pages                    = {54},
  Volume                   = {87}
}

@TechReport{TRANSYT-7F,
  Title                    = {TRANSYT-7F user's manual},
  Author                   = {Wallace, Charles E and Courage, KG and Reaves, DP and Schoene, GW and Euler, GW},
  Year                     = {1984}
}

@Article{Whitley1994,
  Title                    = {A genetic algorithm tutorial},
  Author                   = {Whitley, Darrell},
  Journal                  = {Statistics and computing},
  Year                     = {1994},
  Number                   = {2},
  Pages                    = {65--85},
  Volume                   = {4},

  Publisher                = {Springer}
}

@Article{yang1996model,
  Title                    = {The model and properties of the traffic light problem},
  Author                   = {Yang, Chang-Biau and Yeh, Yun-Jaw},
  Year                     = {1996},

  Publisher                = {Citeseer}
}

