% This file was created with JabRef 2.10.
% Encoding: UTF8


@Misc{Alba1997,
  Title                    = {Propuesta para la implementación de algoritmos evolutivos.},

  Author                   = {Alba, Troya},
  HowPublished             = {\url{http://neo.lcc.uma.es/TutorialEA/semEC/main.html}},
  Year                     = {1997},

  Timestamp                = {2015.03.24}
}

@Misc{Autoanuario2014,
  Title                    = {Gráficas y Cuadros de Valores Estadísticos del Mercado Nacional},

  Author                   = {Autoanuario},
  HowPublished             = {\url{http://www.autoanuario.com.uy/index_mercado_graficas.html}},
  Note                     = {Disponible online, consultado noviembre 2014},
  Year                     = {2014},

  Timestamp                = {2014.11.26}
}

@Misc{BBVA2013,
  Title                    = {Uruguay Situación Automotriz},

  Author                   = {BBVAResearch},
  HowPublished             = {\url{https://www.bbvaresearch.com/wp-content/uploads/2014/05/1303_SitAutomotrizUruguay_2013.pdf}},
  Note                     = {Disponible online, consultado noviembre 2014},
  Year                     = {2013},

  Timestamp                = {2014.11.25}
}

@Misc{Cepal2003,
  Title                    = {Congestión de Tránsito, el problema y cómo enfrentarlo},

  Author                   = {CEPAL},
  HowPublished             = {\url{http://www.cepal.org/publicaciones/xml/9/13059/cue-87.pdf}},
  Note                     = {Disponible online, consultado noviembre 2014},
  Year                     = {2003},

  Timestamp                = {2014.11.25}
}

@Misc{CHC,
  Title                    = {CHC Method},

  Author                   = {CHC},
  HowPublished             = {\url{http://neo.lcc.uma.es/mallba/easy-mallba/html/algorithms.html\#chc}},
  Note                     = {Disponible online, consultado noviembre 2014},

  Timestamp                = {2014.12.27}
}

@Misc{CORSIM,
  Title                    = {CORSIM},

  Author                   = {CORSIM},
  HowPublished             = {\url{http://www-mctrans.ce.ufl.edu/featured/TSIS/Version5/corsim.htm}},
  Note                     = {Disponible online, consultado agosto 2014},

  Timestamp                = {2014.12.31}
}

@Misc{ConteoTrafico,
  Title                    = {Handbook of Simplified Practice for Traffic Studies : Traffic volume counts},

  Author                   = {{CTRE}},
  HowPublished             = {\url{http://www.ctre.iastate.edu/pubs/traffichandbook/3trafficcounts.pdf}},
  Month                    = {November},
  Note                     = {Disponible online, consultado noviembre 2014},
  Year                     = {2002},

  Timestamp                = {2015.02.07}
}

@Article{Deb2001,
  Title                    = {Multiobjective optimization using evolutionary algorithms},
  Author                   = {Kalyanmoy Deb},
  Year                     = {2001},

  Timestamp                = {2015.03.13}
}

@Article{DiFebbraro2002,
  Title                    = {On applying Petri nets to determine optimal offsets for coordinated traffic light timings},
  Author                   = {DiFebbraro and Giglio, and Sacco},
  Journal                  = {Proc. IEEE 5th Int. Conf. Intell. Transportation Syst.},
  Year                     = {2002},
  Pages                    = {773-778},

  Timestamp                = {2014.11.27}
}

@Article{Alba2002,
  Title                    = {Parallelism and Evolutionary Algorithms},
  Author                   = {E. Alba, M. Tomassini},
  Journal                  = {IEEE Transactions on Evolutionary Computation, IEEE Press, 6(5):443-462},
  Year                     = {2002},

  Timestamp                = {2015.03.13}
}

@Misc{Olivera2015,
  Title                    = {Ana Olivera: "No hay justificación, nos equivocamos con Garzón"},

  Author                   = {ElPais},
  HowPublished             = {\url{http://www.elpais.com.uy/informacion/ana-olivera-no-justificacion-corredor.html}},
  Note                     = {Disponible online, consultado febrero 2015},
  Year                     = {2015},

  Timestamp                = {2014.12.23}
}

@Misc{Olivera2013,
  Title                    = {Garzón: Olivera admitió errores},

  Author                   = {ElPais},
  HowPublished             = {\url{http://www.elpais.com.uy/informacion/garzon-olivera-admitio-errores.html}},
  Note                     = {Disponible online, consultado febrero 2015},
  Year                     = {2013},

  Timestamp                = {2014.12.23}
}

@Misc{BRT_Dial,
  Title                    = {Los BRT en corredores segregados como sistema óptimo de transporte urbano},

  Author                   = {Eugenio Bañobre , Álvaro Romero},
  HowPublished             = {\url{http://dialnet.unirioja.es/servlet/articulo?codigo=3119987}},
  Note                     = {Disponible online, consultado febrero 2015},
  Year                     = {2009},

  Timestamp                = {2015.03.12}
}

@Article{review_trafico,
  Title                    = {A Review of Traffic Simulation Software},
  Author                   = {G. Kotusevski, K.A. Hawick},
  Year                     = {2009},

  Timestamp                = {2015.03.19}
}

@Article{Lim2001,
  Title                    = {The optimization of traffic signal light using artificial intelligence},
  Author                   = {G. Y. Lim, J. J. Kang, and Y. S. Hong},
  Journal                  = {10th IEEE Int. Conf.Fuzzy Syst},
  Year                     = {2001},
  Pages                    = {1279–1282},

  Timestamp                = {2014.11.27}
}

@Misc{Galib,
  Title                    = {Galib},

  Author                   = {Galib},
  HowPublished             = {\url{http://lancet.mit.edu/ga/}},
  Note                     = {Disponible online, consultado marzo 2015},
  Year                     = {1999},

  Timestamp                = {2015.03.23}
}

@Article{Goldberg1989,
  Title                    = {Genetic Algorithms in Search, Optimization and Machine Learning},
  Author                   = {David Goldberg},
  Year                     = {1989},

  Timestamp                = {2015.03.13}
}

@Misc{IMM,
  Title                    = {Intendencia Municipal de Montevideo},

  Author                   = {IMM},
  HowPublished             = {\url{http://www.montevideo.gub.uy}},
  Note                     = {Disponible online, consultado febrero 2015},

  Timestamp                = {2014.12.23}
}

@Misc{PlanMovilidad,
  Title                    = {Plan de Movilidad Urbana},

  Author                   = {IMM},
  HowPublished             = {\url{http://www.montevideo.gub.uy/sites/default/files/plan_de_movilidad.pdf}},
  Month                    = {Febrero},
  Note                     = {Disponible online, consultado febrero 2015},
  Year                     = {2010},

  Timestamp                = {2014.12.27}
}

@Misc{INE2014,
  Title                    = {Transporte y comunicaciones},

  Author                   = {INE},
  HowPublished             = {\url{http://www.ine.gub.uy/biblioteca/uruguayencifras2014/Uruguay_en_cifras_2014_Cap_11.pdf}},
  Note                     = {Disponible online, consultado enero 2015},
  Year                     = {2014},

  Timestamp                = {2014.11.25}
}

@Misc{ITDP,
  Title                    = {Bus Rapid Transit Planning Guide},

  Author                   = {{Institute for Transportation \& Development Policy (ITDP)}},
  HowPublished             = {\url{http://www.nbrti.org/docs/pdf/ITDP BRT Planning Guide.pdf}},
  Month                    = {Junio},
  Note                     = {Disponible online, consultado febrero 2015},
  Year                     = {2007},

  Timestamp                = {2015.03.12}
}

@Misc{Jmetal,
  Title                    = {JMetal},

  Author                   = {JMetal},
  HowPublished             = {\url{http://jmetal.sourceforge.net/}},
  Note                     = {Disponible online, consultado marzo 2015},
  Year                     = {2015},

  Timestamp                = {2015.03.23}
}

@Misc{JOSM,
  Title                    = {JOSM (Java OpenStreetMap Editor)},

  Author                   = {{JOSM (Java OpenStreetMap Editor)}},
  HowPublished             = {\url{https://josm.openstreetmap.de/}},

  Timestamp                = {2015.03.16}
}

@Article{Koza1992,
  Title                    = {Genetic Programming: On the Programming of Computers by Means of Natural Selection},
  Author                   = {J. Koza},
  Year                     = {1992},

  Timestamp                = {2015.03.21}
}

@Article{Lopez1999,
  Title                    = {Artificial
neural networks as useful tools for the optimization of the relative
offset between two consecutive sets of traffic lights},
  Author                   = {S. López and P. Hernandez and A. Hernandez, and M. Garcia},
  Journal                  = {Foundations and Tools for Neural Modeling},
  Year                     = {1999},
  Pages                    = {795–804},

  Timestamp                = {2014.11.27}
}

@Misc{Mallba,
  Title                    = {Mallba Library},

  Author                   = {Mallba},
  HowPublished             = {\url{http://neo.lcc.uma.es/mallba/easy-mallba/index.html}},
  Note                     = {Disponible online, consultado julio 2014},

  Timestamp                = {2014.12.27}
}

@Misc{Malva,
  Title                    = {The Malva Project},

  Author                   = {Malva},
  HowPublished             = {\url{http://themalvaproject.github.io/}},
  Note                     = {Disponible online, consultado julio 2014},

  Timestamp                = {2014.11.25}
}

@Misc{MalvaAlgGenetico,
  Title                    = {Algoritmo Genetico de Malva},

  Author                   = {{Malva Algoritmo}},
  HowPublished             = {\url{https://github.com/themalvaproject/malva/wiki/Algorithms:-Genetic-Algorithm}},
  Note                     = {Disponible online, consultado julio 2014},

  Timestamp                = {2014.12.24}
}

@Article{Mitchell1996,
  Title                    = {An Introduction to Genetic Algorithms},
  Author                   = {Melanie Mitchell},
  Year                     = {1996},

  Timestamp                = {2015.03.13}
}

@Article{Montana1995,
  Title                    = {Strongly Typed Genetic Programming},
  Author                   = {David J. Montana},
  Journal                  = {Evolutionary Computation},
  Year                     = {1995},
  Number                   = {2},
  Pages                    = {199-230},
  Volume                   = {3},

  Timestamp                = {2014.12.31}
}

@Article{Montana1996,
  Title                    = {Evolving Control Laws for a Network of Traffic Signals},
  Author                   = {David J. Montana and Steven Czerwinski},
  Year                     = {1996},

  Timestamp                = {2014.11.22}
}

@Article{Nesmachnow2002,
  Title                    = {Evolución en el diseño y clasificación de Algoritmos Genéticos Paralelos,},
  Author                   = {Sergio Nesmachnow},
  Year                     = {2002},

  Timestamp                = {2014.11.27}
}

@Misc{Obs01,
  Title                    = {IMM sincronizará 400 semáforos para agilizar el tránsito capitalino},

  Author                   = {Observador},
  HowPublished             = {\url{http://www.elobservador.com.uy/noticia/292066/imm-sincronizara-400-semaforos-para-agilizar-el-transito-capitalino/}},
  Note                     = {Disponible online, consultado febrero 2015},

  Timestamp                = {2014.12.23}
}

@Misc{OpenBeagle,
  Title                    = {{Open Beagle}},

  Author                   = {{Open Beagle}},
  HowPublished             = {\url{https://code.google.com/p/beagle/}},
  Year                     = {2012},

  Timestamp                = {2015.03.23}
}

@Misc{OSM,
  Title                    = {Open Street Map},

  Author                   = {OSM},
  HowPublished             = {\url{www.openstreetmap.org/}},
  Note                     = {Disponible online, consultado agosto 2014},

  Timestamp                = {2014.12.23}
}

@Misc{OSMSTATS,
  Title                    = {Osm Stats},

  Author                   = {{OSM Stats}},
  HowPublished             = {\url{http://osmstats.neis-one.org/}},
  Note                     = {Disponible online, consultado agosto 2014},

  Timestamp                = {2014.12.23}
}

@Misc{TrafficModeler,
  Title                    = {SUMO Traffic Modeler},

  Author                   = {Leontios Papaleontiou},
  HowPublished             = {\url{http://sourceforge.net/projects/trafficmodeler/}},
  Note                     = {Disponible online, consultado diciembre 2014},

  Timestamp                = {2014.12.23}
}

@Misc{Paradiseo,
  Title                    = {Paradiseo},

  Author                   = {Paradiseo},
  HowPublished             = {\url{http://paradiseo.gforge.inria.fr/}},
  Year                     = {2010},

  Timestamp                = {2015.03.23}
}

@Article{Penner2002,
  Title                    = {SWARM-BASED TRAFFIC SIMULATION WITH EVOLUTIONARY TRAFFIC LIGHT ADAPTATION},
  Author                   = {Joanne Penner and Ricardo Hoar and Christian Jacob},
  Year                     = {2002},

  Timestamp                = {2014.11.22}
}

@Article{TRAF-NETSIM,
  Title                    = {Urban Network Traffic Simulation:TRAF-NETSIM Program},
  Author                   = {Ajay K. Rathi},
  Journal                  = {Journal of Transportation Engineering},
  Year                     = {1990},

  Month                    = {November-December},
  Number                   = {6},
  Pages                    = {734-743},
  Volume                   = {116},

  Timestamp                = {2014.12.31}
}

@Article{Ingo1971,
  Title                    = {Evolutionsstrategie - Optimierung technischer Systeme nach Prinzipien der biologischen Evolution},
  Author                   = {Ingo Rechenberg},
  Year                     = {1971},

  Timestamp                = {2015.03.21}
}

@Article{Rouphail2000,
  Title                    = {Direct Signal Timing Optimization: Strategy Development and Results},
  Author                   = {Nagui M. Rouphail and Byungkyu “Brian” Park and Jerome Sacks},
  Year                     = {2000},

  Timestamp                = {2014.11.22}
}

@Article{Sanchez2007,
  Title                    = {Estudio de la Optimizacion del Trafico Rodado Mediante el Ajuste de los Ciclos de Semaforos por Algoritmos Geneticos en Dispositivos de Computacion Paralela Usando Modelizacion
Discreta: Ejemplos de Aplicacion},
  Author                   = {SÁNCHEZ},
  Year                     = {2007},

  Timestamp                = {2014.11.22}
}

@Article{Sanchez2010,
  Title                    = {Traffic Signal Optimization in {“La Almozara” District in Saragossa} Under Congestion Conditions, Using Genetic Algorithms, Traffic Microsimulation, and Cluster Computing},
  Author                   = {Javier Sánchez and Manuel Galán and Enrique Rubio},
  Year                     = {2010},

  Timestamp                = {2014.11.22}
}

@Article{Sanchez2008,
  Title                    = {Applying a Traffic Lights Evolutionary Optimization Technique to a Real Case: {“Las Ramblas” Area in Santa Cruz de Tenerife}},
  Author                   = {Javier Sánchez and Manuel Galán and Enrique Rubio},
  Year                     = {2008},

  Timestamp                = {2014.11.22}
}

@Article{Sanchez2004,
  Title                    = {Genetic Algorithms and Cellular Automata: A New Architecture for Traffic Light Cycles Optimization},
  Author                   = {Javier Sánchez and Manuel Galán and Enrique Rubio},
  Year                     = {2004},

  Timestamp                = {2014.11.22}
}

@Misc{SigMontevideo,
  Title                    = {Sistema de información geográfica Montevideo},

  Author                   = {{SIG IMM}},
  HowPublished             = {\url{http://sig.montevideo.gub.uy}},
  Note                     = {Disponible online, consultado agosto 2014},

  Timestamp                = {2015.02.07}
}

@Article{Stolfi2012,
  Title                    = {Optimización del Tráfico Rodado en Ciudades Inteligentes},
  Author                   = {Daniel H. Stolfi},
  Year                     = {2012},

  Timestamp                = {2014.11.22}
}

@Misc{Subrayado2013,
  Title                    = {Expertos en tránsito: “el colapso está establecido” en Montevideo},

  Author                   = {Subrayado},
  HowPublished             = {\url{http://www.subrayado.com.uy/Site/noticia/23835/expertos-en-transito-el-colapso-esta-establecido-en-montevideo}},
  Note                     = {Disponible online, consultado noviembre 2014},
  Year                     = {2013},

  Timestamp                = {2014.11.26}
}

@Misc{SUMO,
  Title                    = {Simulation of Urban MObility},

  Author                   = {SUMO},
  HowPublished             = {\url{http://sumo.dlr.de/wiki/Main_Page}},
  Note                     = {Disponible online, consultado agosto 2014},

  Timestamp                = {2014.12.23}
}

@Misc{sumo2014,
  Title                    = {{Sumo Features}},

  Author                   = {{Sumo Features}},
  HowPublished             = {\url{http://sumo.dlr.de/daily/userdoc/Sumo_at_a_Glance.html}},
  Year                     = {2014},

  Timestamp                = {2015.03.23}
}

@Misc{SUMOOUT,
  Title                    = {SUMO Output},

  Author                   = {{SUMO Simulation Output}},
  HowPublished             = {\url{http://sumo.dlr.de/wiki/Simulation/Output}},
  Note                     = {Disponible online, consultado agosto 2014},

  Timestamp                = {2014.12.23}
}

@Article{Teo2010,
  Title                    = {Optimization of Traffic Flow Within an Urban Traffic Light Intersection with Genetic Algorithm},
  Author                   = {K. T. K. Teo and W. Y. Kow and Y. K. Chin},
  Year                     = {2010},

  Timestamp                = {2014.11.22}
}

@Misc{brt_standar,
  Title                    = {The BRT Standard, 2014 edition},

  Author                   = {{The Institute for Transportation and Development Policy (ITDP)}},
  HowPublished             = {\url{https://www.itdp.org/wp-content/uploads/2014/07/BRT-Standard-2014.pdf}},
  Year                     = {2014},

  Timestamp                = {2015.03.16}
}

@Misc{TRANSYT-7F,
  Title                    = {TRANSYT-7F},

  Author                   = {TRANSYT-7F},
  HowPublished             = {\url{http://mctrans.ce.ufl.edu/mct/?page_id=943}},
  Note                     = {Disponible online, consultado agosto 2014},

  Timestamp                = {2014.12.31}
}

@Article{Vogel2000,
  Title                    = {Evolutionary Algorithms for Optimizing Traffic Signal Operation},
  Author                   = {Andrea Vogel and Christian Goerick and Werner von Seelen},
  Year                     = {2000},

  Timestamp                = {2014.11.22}
}

@Article{Whitley1994,
  Title                    = {A Genetic Algorithm Tutorial},
  Author                   = {Darrell Whitley},
  Journal                  = {Technical Report CS 93-103, Colorado State University},
  Year                     = {1994},

  Timestamp                = {2015.03.13}
}

